@article{shegelski_new_1986,
	title = {New result for the chemical potential of intrinsic semiconductors: Low-temperature breakdown of the Fermi-Dirac distribution function},
	volume = {58},
	issn = {0038-1098},
	url = {https://linkinghub.elsevier.com/retrieve/pii/0038109886908033},
	doi = {10.1016/0038-1098(86)90803-3},
	shorttitle = {New result for the chemical potential of intrinsic semiconductors},
	pages = {351--354},
	number = {6},
	journaltitle = {Solid State Communications},
	shortjournal = {Solid State Commun},
	author = {Shegelski, Mark R.A.},
	urldate = {2021-05-03},
	date = {1986-05},
	langid = {english}
}

@article{kresse_efficient_1996,
	title = {Efficient iterative schemes for \textit{ab initio} total-energy calculations using a plane-wave basis set},
	volume = {54},
	issn = {0163-1829, 1095-3795},
	url = {https://link.aps.org/doi/10.1103/PhysRevB.54.11169},
	doi = {10.1103/PhysRevB.54.11169},
	pages = {11169--11186},
	number = {16},
	journaltitle = {Physical Review B},
	shortjournal = {Phys. Rev. B},
	author = {Kresse, G. and Furthmüller, J.},
	urldate = {2021-01-06},
	date = {1996-10-15},
	langid = {english}
}

@incollection{bader_quantum_1981,
	title = {Quantum Theory of Atoms in Molecules–Dalton Revisited},
	volume = {14},
	isbn = {978-0-12-034814-5},
	url = {https://linkinghub.elsevier.com/retrieve/pii/S0065327608603263},
	pages = {63--124},
	booktitle = {Advances in Quantum Chemistry},
	publisher = {Elsevier},
	author = {Bader, R.F.W. and Nguyen-Dang, T.T.},
	urldate = {2021-01-06},
	date = {1981},
	langid = {english},
	doi = {10.1016/S0065-3276(08)60326-3}
}

@article{george_effect_2018,
	title = {Effect of {NiO} substitution on the structural and dielectric behaviour of {NaNbO}$_{3}$},
	volume = {123},
	issn = {0021-8979, 1089-7550},
	url = {http://aip.scitation.org/doi/10.1063/1.5013643},
	doi = {10.1063/1.5013643},
	pages = {054101},
	number = {5},
	journaltitle = {Journal of Applied Physics},
	shortjournal = {J Appl Phys},
	author = {George, R. T. and Joshi, D. C. and Nayak, S. and Tiwari, N. and Chauhan, R. N. and Pramanik, P. and Dar, T. A. and Ghosh, S. and Thota, S.},
	urldate = {2021-01-06},
	date = {2018-02-07},
	langid = {english}
}

@article{baur_geometry_1974,
	title = {The geometry of polyhedral distortions. Predictive relationships for the phosphate group},
	volume = {30},
	issn = {0567-7408},
	url = {http://scripts.iucr.org/cgi-bin/paper?S0567740874004560},
	doi = {10.1107/S0567740874004560},
	pages = {1195--1215},
	number = {5},
	journaltitle = {Acta Crystallographica Section B Structural Crystallography and Crystal Chemistry},
	shortjournal = {Acta Crystallogr B Struct Sci},
	author = {Baur, W. H.},
	urldate = {2021-01-06},
	date = {1974-05-01},
	langid = {english}
}

@article{castleton_managing_2006,
	title = {Managing the supercell approximation for charged defects in semiconductors: finite size scaling, charge correction factors, the bandgap problem and the ab initio dielectric constant},
	volume = {73},
	issn = {1098-0121, 1550-235X},
	url = {http://arxiv.org/abs/cond-mat/0512311},
	doi = {10.1103/PhysRevB.73.035215},
	shorttitle = {Managing the supercell approximation for charged defects in semiconductors},
	pages = {035215},
	number = {3},
	journaltitle = {Physical Review B},
	shortjournal = {Phys. Rev. B},
	author = {Castleton, C. W. M. and Hoglund, A. and Mirbt, S.},
	urldate = {2021-01-06},
	date = {2006-01-25},
	langid = {english},
	eprinttype = {arxiv},
	eprint = {cond-mat/0512311},
	keywords = {Condensed Matter - Other Condensed Matter}
}

@article{kraus_modulation_2020,
	title = {Modulation of band alignment with water redox potentials by biaxial strain on orthorhombic {NaTaO}$_{3}$ thin films},
	volume = {22},
	issn = {1463-9076, 1463-9084},
	url = {http://xlink.rsc.org/?DOI=D0CP04322B},
	doi = {10.1039/D0CP04322B},
	pages = {23810--23815},
	number = {41},
	journaltitle = {Physical Chemistry Chemical Physics},
	shortjournal = {Phys. Chem. Chem. Phys.},
	author = {Kraus, Alexandre Olivieri and Portugal, Guilherme Ribeiro and Arantes, Jeverson Teodoro},
	urldate = {2021-01-06},
	date = {2020},
	langid = {english}
}

@article{acker_microstructure_2014,
	title = {Microstructure of sodium-potassium niobate ceramics sintered under high alkaline vapor pressure atmosphere},
	volume = {34},
	issn = {09552219},
	url = {https://linkinghub.elsevier.com/retrieve/pii/S0955221914003495},
	doi = {10.1016/j.jeurceramsoc.2014.06.021},
	pages = {4213--4221},
	number = {16},
	journaltitle = {Journal of the European Ceramic Society},
	shortjournal = {J. Eur. Ceram. Soc.},
	author = {Acker, Jérôme and Kungl, Hans and Schierholz, Roland and Wagner, Susanne and Eichel, Rüdiger-A. and Hoffmann, Michael J.},
	urldate = {2021-02-19},
	date = {2014-12},
	langid = {english}
}

@article{li_constructing_2014,
	title = {Constructing cubic–orthorhombic surface-phase junctions of {NaNbO}$_3$ towards significant enhancement of {CO}$_2$ photoreduction},
	volume = {2},
	issn = {2050-7488, 2050-7496},
	url = {http://xlink.rsc.org/?DOI=C4TA00105B},
	doi = {10.1039/C4TA00105B},
	pages = {5606--5609},
	number = {16},
	journaltitle = {J. Mater. Chem. A},
	shortjournal = {J. Mater. Chem. A},
	author = {Li, Peng and Xu, Hua and Liu, Lequan and Kako, Tetsuya and Umezawa, Naoto and Abe, Hideki and Ye, Jinhua},
	urldate = {2021-01-06},
	date = {2014},
	langid = {english}
}

@article{kresse_ultrasoft_1999,
	title = {From ultrasoft pseudopotentials to the projector augmented-wave method},
	volume = {59},
	issn = {0163-1829, 1095-3795},
	url = {https://link.aps.org/doi/10.1103/PhysRevB.59.1758},
	doi = {10.1103/PhysRevB.59.1758},
	pages = {1758--1775},
	number = {3},
	journaltitle = {Physical Review B},
	shortjournal = {Phys. Rev. B},
	author = {Kresse, G. and Joubert, D.},
	urldate = {2021-01-06},
	date = {1999-01-15},
	langid = {english}
}

@article{hu_influence_2007,
	title = {Influence of structural features on the photocatalytic activity of {NaTaO}$_3$ powders from different synthesis methods},
	volume = {331},
	issn = {0926860X},
	url = {https://linkinghub.elsevier.com/retrieve/pii/S0926860X07004474},
	doi = {10.1016/j.apcata.2007.07.024},
	pages = {44--50},
	journaltitle = {Applied Catalysis A: General},
	shortjournal = {Appl Catal A-Gen},
	author = {Hu, Che-Chia and Teng, Hsisheng},
	urldate = {2021-01-06},
	date = {2007-01},
	langid = {english}
}